<?xml version="1.0" encoding="UTF-8"?><record xmlns="http://www.loc.gov/MARC21/slim" xmlns:cinclude="http://apache.org/cocoon/include/1.0" xmlns:zs="http://www.loc.gov/zing/srw/">
  <leader>00433nz  a2200145n  4500</leader>
  <controlfield tag="001">no2002102119</controlfield>
  <controlfield tag="003">DLC</controlfield>
  <controlfield tag="005">20021108053056.0</controlfield>
  <controlfield tag="008">021107n| acannaabn          |a aaa     c</controlfield>
  <datafield tag="010" ind1=" " ind2=" ">
    <subfield code="a">no2002102119</subfield>
  </datafield>
  <datafield tag="035" ind1=" " ind2=" ">
    <subfield code="a">(OCoLC)oca05906912</subfield>
  </datafield>
  <datafield tag="040" ind1=" " ind2=" ">
    <subfield code="a">OO</subfield>
    <subfield code="b">eng</subfield>
    <subfield code="c">OO</subfield>
  </datafield>
  <datafield tag="100" ind1="1" ind2=" ">
    <subfield code="a">Jha, D. N.</subfield>
    <subfield code="q">(Dwijendra Narayan),</subfield>
    <subfield code="d">1940-</subfield>
    <subfield code="t">Holy cow</subfield>
  </datafield>
  <datafield tag="400" ind1="1" ind2=" ">
    <subfield code="a">Jha, D. N.</subfield>
    <subfield code="q">(Dwijendra Narayan),</subfield>
    <subfield code="d">1940-</subfield>
    <subfield code="t">Myth of the holy cow</subfield>
  </datafield>
  <datafield tag="670" ind1=" " ind2=" ">
    <subfield code="a">The myth of the holy cow, 2002.</subfield>
  </datafield>
</record>